@ARTICLE{Xu_2012
 author = {Guansho Xu and Yun Qing Shi},
 title = {Camera Model Identification Using Local Binary Patterns},
 journal = {Miltimedia and Expo (ICME), 2012 IEEE International Conference},
}

@ARTICLE{Corripio_2013
 author = {Guansho Xu and Yun Qing Shi},
 title = {Camera Model Identification Using Local Binary Patterns},
 journal = {Imaging for Crime Detection and Prevention, 2013. ICDP},
}

@INPROCEEDINGS{Ni_2008,
 author = {Jocelin Rosales Corripio and David Maniel Arenas González and Ana Lucila Sandoval Orozco and Luis Javier García Villalba and Julio Hernandez-Castro and Stuart James Gibson},
 title = {Source Smarphone Identification Using Sensor Pattern Noise and Wavelet Transform},
 booktitle = {Proceedings of the IEEE Computer Society Conference on Computer Vision and Pattern Recognition (CVPR)},
 year = {2008},
 pages = {},
 address = {Anchorage, AK, USA}
}

@INPROCEEDINGS{Silva_2010,
 author = {Fulano Silva and Beltrano Souza},
 title = {Hey! This is my paper},
 booktitle = {European Conference on Nothing (ECN)},
 year = {2010},
 pages = {000--007},
 address = {Graz, Austria}
}

@INPROCEEDINGS{Silva_2010b,
 author = {Fulano Silva},
 title = {A paper on everything useless},
 booktitle = {European Conference on Nothing (ECN)},
 year = {2010},
 pages = {008--014},
 address = {Graz, Austria}
}

@INPROCEEDINGS{Silva_2010c,
 author = {Fulano Silva and Beltrano Souza and Sicrano Rocha},
 title = {Revisiting the classical publishing problem},
 booktitle = {European Conference on Nothing (ECN)},
 year = {2010},
 pages = {015--021},
 address = {Graz, Austria}
}

@INPROCEEDINGS{Xu_2012
 author = {Guansho Xu and Yun Qing Shi},
 title = {Camera Model Identification Using Local Binary Patterns},
 booktitle = {Miltimedia and Expo (ICME), 2012 IEEE International Conference},
 year = {2012}
}